
@article{donahue_decaf:_2013,
  title = {Decaf: {{A}} Deep Convolutional Activation Feature for Generic Visual Recognition},
  url = {http://arxiv.org/abs/1310.1531},
  shorttitle = {Decaf},
  timestamp = {2016-06-15T08:36:32Z},
  journaltitle = {arXiv preprint arXiv:1310.1531},
  author = {Donahue, Jeff and Jia, Yangqing and Vinyals, Oriol and Hoffman, Judy and Zhang, Ning and Tzeng, Eric and Darrell, Trevor},
  urldate = {2016-06-08},
  date = {2013},
  note = {00704},
  file = {donahue2013decaf.pdf:/home/max/papers//temporal_learning_related/donahue2013decaf.pdf:application/pdf}
}

@inproceedings{oquab_learning_2014,
  title = {Learning and {{Transferring Mid}}-{{Level Image Representations}} Using {{Convolutional Neural Networks}}},
  url = {http://www.cv-foundation.org/openaccess/content_cvpr_2014/html/Oquab_Learning_and_Transferring_2014_CVPR_paper.html},
  eventtitle = {Proceedings of the IEEE Conference on Computer Vision and Pattern Recognition},
  timestamp = {2016-06-17T14:14:37Z},
  author = {Oquab, Maxime and Bottou, Leon and Laptev, Ivan and Sivic, Josef},
  urldate = {2016-06-16},
  date = {2014},
  pages = {1717--1724},
  note = {00000},
  file = {oquab2014learning_and.pdf:/home/max/papers//temporal_learning_related/oquab2014learning_and.pdf:application/pdf}
}

@inproceedings{dalal_histograms_2005,
  title = {Histograms of Oriented Gradients for Human Detection},
  volume = {1},
  url = {http://ieeexplore.ieee.org/xpls/abs_all.jsp?arnumber=1467360},
  timestamp = {2016-06-17T13:12:08Z},
  booktitle = {Computer {{Vision}} and {{Pattern Recognition}}, 2005. {{CVPR}} 2005. {{IEEE Computer Society Conference}} on},
  publisher = {{IEEE}},
  author = {Dalal, Navneet and Triggs, Bill},
  urldate = {2016-06-17},
  date = {2005},
  pages = {886--893},
  note = {14785},
  file = {dalal_triggs2005histograms_of_oriented.pdf:/home/max/papers//temporal_learning_related/dalal_triggs2005histograms_of_oriented.pdf:application/pdf}
}

@inproceedings{perronnin_improving_2010,
  title = {Improving the Fisher Kernel for Large-Scale Image Classification},
  url = {http://link.springer.com/chapter/10.1007/978-3-642-15561-1_11},
  timestamp = {2016-08-02T09:45:17Z},
  booktitle = {European Conference on Computer Vision},
  publisher = {{Springer}},
  author = {Perronnin, Florent and Sánchez, Jorge and Mensink, Thomas},
  urldate = {2016-08-02},
  date = {2010},
  pages = {143--156},
  note = {01240}
}

@inproceedings{lazebnik_beyond_2006,
  title = {Beyond Bags of Features: {{Spatial}} Pyramid Matching for Recognizing Natural Scene Categories},
  volume = {2},
  url = {http://ieeexplore.ieee.org/xpls/abs_all.jsp?arnumber=1641019},
  shorttitle = {Beyond Bags of Features},
  timestamp = {2016-08-02T10:23:27Z},
  booktitle = {2006 {{IEEE Computer Society Conference}} on {{Computer Vision}} and {{Pattern Recognition}} ({{CVPR}}'06)},
  publisher = {{IEEE}},
  author = {Lazebnik, Svetlana and Schmid, Cordelia and Ponce, Jean},
  urldate = {2016-08-02},
  date = {2006},
  pages = {2169--2178},
  note = {05858},
  file = {lazebnik2006beyond_bags_of_features.pdf:/home/max/papers//temporal_learning_related/lazebnik2006beyond_bags_of_features.pdf:application/pdf}
}

@inproceedings{goodfellow_generative_2014,
  title = {Generative Adversarial Nets},
  url = {http://papers.nips.cc/paper/5423-generative-adversarial},
  timestamp = {2016-10-06T12:01:35Z},
  booktitle = {Advances in {{Neural Information Processing Systems}}},
  author = {Goodfellow, Ian and Pouget-Abadie, Jean and Mirza, Mehdi and Xu, Bing and Warde-Farley, David and Ozair, Sherjil and Courville, Aaron and Bengio, Yoshua},
  urldate = {2016-10-06},
  date = {2014},
  pages = {2672--2680},
  note = {00195},
  file = {goodfellow2014generative_adversarial.pdf:/home/max/papers//temporal_learning_related/goodfellow2014generative_adversarial.pdf:application/pdf}
}

@article{lowe_distinctive_2004,
  title = {Distinctive Image Features from Scale-Invariant Keypoints},
  volume = {60},
  url = {http://link.springer.com/article/10.1023/B:VISI.0000029664.99615.94},
  timestamp = {2016-10-18T15:01:17Z},
  number = {2},
  journaltitle = {International journal of computer vision},
  author = {Lowe, David G.},
  urldate = {2016-10-18},
  date = {2004},
  pages = {91--110},
  note = {37087},
  keywords = {SIFT}
}

@article{sanchez_image_2013,
  title = {Image Classification with the Fisher Vector: {{Theory}} and Practice},
  volume = {105},
  url = {http://link.springer.com/article/10.1007/s11263-013-0636-x},
  shorttitle = {Image Classification with the Fisher Vector},
  timestamp = {2016-10-18T18:18:28Z},
  number = {3},
  journaltitle = {International journal of computer vision},
  author = {Sánchez, Jorge and Perronnin, Florent and Mensink, Thomas and Verbeek, Jakob},
  urldate = {2016-10-18},
  date = {2013},
  pages = {222--245},
  note = {00504},
  file = {sánchez2013image_classification.pdf:/home/max/papers//temporal_learning_related/sánchez2013image_classification.pdf:application/pdf}
}

@inproceedings{collobert_unified_2008,
  title = {A Unified Architecture for Natural Language Processing: {{Deep}} Neural Networks with Multitask Learning},
  url = {http://dl.acm.org/citation.cfm?id=1390177},
  shorttitle = {A Unified Architecture for Natural Language Processing},
  timestamp = {2016-10-21T17:22:08Z},
  booktitle = {Proceedings of the 25th International Conference on {{Machine}} Learning},
  publisher = {{ACM}},
  author = {Collobert, Ronan and Weston, Jason},
  urldate = {2016-10-21},
  date = {2008},
  pages = {160--167},
  note = {01219},
  keywords = {multi-task},
  file = {collobert_weston2008a_unified_architecture.pdf:/home/max/papers//temporal_learning_related/collobert_weston2008a_unified_architecture.pdf:application/pdf}
}

@inproceedings{huang_unsupervised_2007,
  title = {Unsupervised Learning of Invariant Feature Hierarchies with Applications to Object Recognition},
  url = {http://ieeexplore.ieee.org/xpls/abs_all.jsp?arnumber=4270182},
  timestamp = {2016-10-30T19:32:49Z},
  booktitle = {2007 {{IEEE}} Conference on Computer Vision and Pattern Recognition},
  publisher = {{IEEE}},
  author = {Huang, Fu Jie and Boureau, Y.-Lan and LeCun, Yann and {others}},
  urldate = {2016-10-30},
  date = {2007},
  pages = {1--8},
  note = {00558},
  file = {huang2007unsupervised_learning_of.pdf:/home/max/papers//temporal_learning_related/huang2007unsupervised_learning_of.pdf:application/pdf}
}

@article{lecun_gradient-based_1998-1,
  title = {Gradient-Based Learning Applied to Document Recognition},
  volume = {86},
  url = {http://ieeexplore.ieee.org/xpls/abs_all.jsp?arnumber=726791},
  timestamp = {2016-10-31T19:32:51Z},
  number = {11},
  journaltitle = {Proceedings of the IEEE},
  author = {LeCun, Yann and Bottou, Léon and Bengio, Yoshua and Haffner, Patrick},
  urldate = {2016-10-31},
  date = {1998},
  pages = {2278--2324},
  note = {06106},
  file = {lecun1998gradient-based_learning.pdf:/home/max/papers//temporal_learning_related/lecun1998gradient-based_learning.pdf:application/pdf}
}

@inproceedings{krizhevsky_imagenet_2012,
  title = {Imagenet Classification with Deep Convolutional Neural Networks},
  url = {http://papers.nips.cc/paper/4824-imagenet-classification-w},
  timestamp = {2016-11-02T13:37:01Z},
  booktitle = {Advances in Neural Information Processing Systems},
  author = {Krizhevsky, Alex and Sutskever, Ilya and Hinton, Geoffrey E.},
  urldate = {2016-11-02},
  date = {2012},
  pages = {1097--1105},
  note = {07493},
  file = {krizhevsky2012imagenet_classification.pdf:/home/max/papers//temporal_learning_related/krizhevsky2012imagenet_classification.pdf:application/pdf}
}

@inproceedings{dean_large_2012,
  title = {Large Scale Distributed Deep Networks},
  url = {http://papers.nips.cc/paper/4687-large-scale-distributed-deep-networks},
  timestamp = {2016-11-02T19:52:43Z},
  booktitle = {Advances in Neural Information Processing Systems},
  author = {Dean, Jeffrey and Corrado, Greg and Monga, Rajat and Chen, Kai and Devin, Matthieu and Mao, Mark and Senior, Andrew and Tucker, Paul and Yang, Ke and Le, Quoc V. and {others}},
  urldate = {2016-11-02},
  date = {2012},
  pages = {1223--1231},
  note = {00666},
  file = {dean2012large_scale_distributed.pdf:/home/max/papers//temporal_learning_related/dean2012large_scale_distributed.pdf:application/pdf}
}

@inproceedings{sharif_razavian_cnn_2014,
  title = {{{CNN}} Features off-the-Shelf: An Astounding Baseline for Recognition},
  url = {http://www.cv-foundation.org/openaccess/content_cvpr_workshops_2014/W15/html/Razavian_CNN_Features_Off-the-Shelf_2014_CVPR_paper.html},
  shorttitle = {{{CNN}} Features off-the-Shelf},
  timestamp = {2016-11-02T20:59:54Z},
  booktitle = {Proceedings of the {{IEEE Conference}} on {{Computer Vision}} and {{Pattern Recognition Workshops}}},
  author = {Sharif Razavian, Ali and Azizpour, Hossein and Sullivan, Josephine and Carlsson, Stefan},
  urldate = {2016-11-02},
  date = {2014},
  pages = {806--813},
  note = {00753},
  file = {sharif_razavian2014cnn_features.pdf:/home/max/papers//temporal_learning_related/sharif_razavian2014cnn_features.pdf:application/pdf}
}

@article{hochreiter_long_1997,
  title = {Long Short-Term Memory},
  volume = {9},
  url = {http://ieeexplore.ieee.org/xpls/abs_all.jsp?arnumber=6795963},
  timestamp = {2016-11-03T11:18:14Z},
  number = {8},
  journaltitle = {Neural computation},
  author = {Hochreiter, Sepp and Schmidhuber, Jürgen},
  urldate = {2016-11-03},
  date = {1997},
  pages = {1735--1780},
  note = {02787},
  file = {hochreiter_schmidhuber1997long_short-term_memory.pdf:/home/max/papers//temporal_learning_related/hochreiter_schmidhuber1997long_short-term_memory.pdf:application/pdf}
}

@inproceedings{jarrett_what_2009,
  title = {What Is the Best Multi-Stage Architecture for Object Recognition?},
  url = {http://ieeexplore.ieee.org/xpls/abs_all.jsp?arnumber=5459469},
  timestamp = {2016-11-03T11:40:39Z},
  booktitle = {2009 {{IEEE}} 12th {{International Conference}} on {{Computer Vision}}},
  publisher = {{IEEE}},
  author = {Jarrett, Kevin and Kavukcuoglu, Koray and Lecun, Yann and {others}},
  urldate = {2016-11-03},
  date = {2009},
  pages = {2146--2153},
  note = {00832},
  file = {jarrett2009what_is_the_best.pdf:/home/max/papers//temporal_learning_related/jarrett2009what_is_the_best.pdf:application/pdf}
}


